@misc{reduce,
  author = {MultiMedia LLC},
  title = {REDUCE Computer Algebra System},
  year = 2,
  url = {http://www.reduce-algebra.com/},
  urldate = {2019-04-15}
}

@Book{effective_c++,
 author = {Meyers, Scott},
 title = {Effective modern C++ : 42 specific ways to improve your use of C++11 and C++14},
 publisher = {O'Reilly Media},
 year = {2015},
 address = {Sebastopol, CA},
 isbn = {9781491903995}
 }

@Book{c++_concurrency,
 author = {Williams, Anthony},
 title = {C++ concurrency in action : practical multithreading},
 publisher = {Manning},
 year = {2012},
 address = {Shelter Island, NY},
 isbn = {1933988770}
 }

